<collection xmlns="http://www.loc.gov/MARC21/slim"><record><leader>00688nam  2200205   450</leader><controlfield tag="001">663</controlfield><controlfield tag="003">http://montalegre.opacnet.com/OPAC/default.aspx?ContentAreaControl=ShowRegHoldings.ascx&amp;RegNo=16662</controlfield><datafield tag="100" ind1=" " ind2=" "><subfield code="a">20061013d1987    bc y0pora010305  ba</subfield></datafield><datafield tag="101" ind1="0" ind2=" "><subfield code="a">por</subfield></datafield><datafield tag="102" ind1=" " ind2=" "><subfield code="a">PT</subfield></datafield><datafield tag="200" ind1="1" ind2=" "><subfield code="a">E o espantalho acreditou</subfield><subfield code="f">Alexandre Honrado</subfield><subfield code="g">il. Patrícia Garrido</subfield></datafield><datafield tag="210" ind1=" " ind2=" "><subfield code="a">Lisboa</subfield><subfield code="c">Horizonte</subfield><subfield code="d">imp. 1987</subfield></datafield><datafield tag="215" ind1=" " ind2=" "><subfield code="a">[16] p.</subfield><subfield code="c">il.</subfield><subfield code="d">16 cm</subfield></datafield><datafield tag="225" ind1="2" ind2=" "><subfield code="a">Sete estrelas</subfield><subfield code="v">20</subfield></datafield><datafield tag="675" ind1=" " ind2=" "><subfield code="a">82-34</subfield></datafield><datafield tag="700" ind1=" " ind2="1"><subfield code="a">Honrado</subfield><subfield code="b">Alexandre</subfield><subfield code="f">1960-</subfield></datafield><datafield tag="702" ind1=" " ind2="1"><subfield code="a">Garrido</subfield><subfield code="b">Patrícia</subfield><subfield code="4">440</subfield></datafield><datafield tag="801" ind1=" " ind2="0"><subfield code="a">PT</subfield><subfield code="b">Biblioteca Municipal de Montalegre</subfield><subfield code="g">RPC</subfield></datafield><datafield tag="856" ind1=" " ind2=" "><subfield code="u">locateMedia.asp?cod=20060523112234&amp;ext=jpg</subfield><subfield code="z">CAPA</subfield></datafield><datafield tag="909" ind1="&#9;" ind2=" "><subfield code="a">2</subfield></datafield><datafield tag="966" ind1=" " ind2=" "><subfield code="a">0002540</subfield><subfield code="l">BMM</subfield><subfield code="s">SI 82-34 HON esp 20</subfield></datafield><datafield tag="966" ind1=" " ind2=" "><subfield code="a">0002541</subfield><subfield code="l">BMM</subfield><subfield code="s">SI 82-34 HON esp 20</subfield></datafield></record></collection>